@article{pasquier2017introduction,
  title={An introduction to musical metacreation},
  author={Pasquier, Philippe and Eigenfeldt, Arne and Bown, Oliver and Dubnov, Shlomo},
  journal={Computers in Entertainment (CIE)},
  volume={14},
  number={2},
  pages={1--14},
  year={2017},
  publisher={ACM New York, NY, USA}
}

@inproceedings{kirke2013emotional,
	title={Emotional and multi-agent systems in computer-aided writing and poetry},
	author={Kirke, Alexis and Miranda, Eduardo},
	booktitle={Proceedings of the Artificial Intelligence and Poetry Symposium},
	pages={17--22},
	year={2013}
}

@inproceedings{tatar2017masom,
	title={MASOM: A musical agent architecture based on self organizing maps, affective computing, and variable Markov models},
	author={Tatar, K{\i}van{\c{c}} and Pasquier, Philippe},
	booktitle={Proceedings of the 5th International Workshop on Musical Metacreation (MUME 2017). Atlanta, Georgia, USA},
	year={2017}
}

@book{fux1965study,
	title={The study of counterpoint from Johann Joseph Fux's Gradus ad Parnassum},
	author={Fux, Johann Joseph and Edmunds, John},
	number={277},
	year={1965},
	publisher={WW Norton \& Company}
}

@inproceedings{bennett2018neurythmic,
	title={Neurythmic: A Rhythm Creation Tool Based on Central Pattern Generators.},
	author={Bennett, Daniel and Bennett, Peter and Roudaut, Anne},
	booktitle={NIME},
	pages={210--215},
	year={2018}
}

@article{blackwell2003swarm,
	title={Swarm music: improvised music with multi-swarms},
	author={Blackwell, Tim},
	journal={Artificial Intelligence and the Simulation of Behaviour, University of Wales},
	volume={10},
	pages={142--158},
	year={2003}
}

@article{ens2020quantifying,
	title={Quantifying musical style: Ranking symbolic music based on similarity to a style},
	author={Ens, Jeff and Pasquier, Philippe},
	journal={arXiv preprint arXiv:2003.06226},
	year={2020}
}

@inproceedings{studley2019exploring,
	author = {Thomas Studley, Jon Drummond and Nathan Scott},
	editor = {Bob L. Sturm and Robert M. Keller},
	title = {Exploring Competitive Musical Creativity in Digital Composition Games},
	booktitle = {Proceedings of the 7th International Workshop on Musical Metacreation},
	year = {2019},
}

@inproceedings{farbood2001analysis,
	title={Analysis and synthesis of Palestrina-style counterpoint using Markov chains},
	author={Farbood, Mary and Sch{\"o}ner, Bernd},
	booktitle={ICMC},
	year={2001}
}

@inproceedings{reynolds1987flocks,
	title={Flocks, herds and schools: A distributed behavioral model},
	author={Reynolds, Craig W},
	booktitle={Proceedings of the 14th annual conference on Computer graphics and interactive techniques},
	pages={25--34},
	year={1987}
}

@inproceedings{chandra2012market,
	title={Market-based control in interactive music environments},
	author={Chandra, Arjun and Nymoen, Kristian and Voldsund, Arve and Jensenius, Alexander Refsum and Glette, Kyrre and Torresen, Jim},
	booktitle={International Symposium on Computer Music Modeling and Retrieval},
	pages={439--458},
	year={2012},
	organization={Springer}
}

@inproceedings{unemi2005music,
	title={Music by interaction among two flocking species and human},
	author={Unemi, Tatsuo and Bisig, Daniel},
	booktitle={Proceedings of the third international conference on generative systems in electronic arts, Melbourne, Australia},
	pages={171--179},
	year={2005}
}

@inproceedings{boyd2004swarmart,
	title={SwarmArt: interactive art from swarm intelligence},
	author={Boyd, Jeffrey E and Hushlak, Gerald and Jacob, Christian J},
	booktitle={Proceedings of the 12th annual ACM international conference on Multimedia},
	pages={628--635},
	year={2004}
}

@inproceedings{boersen2020chatterbox,
	author = {Boersen, Ronald and Liu-Rosenbaum, Aaron and Tatar, Kivan√ß and Pasquier,Philippe},
	title = {Chatterbox: an interactive system of gibberish agents},
	booktitle = {Proceedings of the 26th International Symposium on Electronic Art (ISEA)},
	pages={55--62}
	year={2020},
}

@inproceedings{bisig2012tools,
	title={Tools and abstractions for swarm based music and art},
	author={Bisig, Daniel and Kocher, Philippe},
	booktitle={ICMC},
	year={2012}
}

@inproceedings{bisig2008interactive,
	title={Interactive Swarm Orchestra A Generic Programming Environment for Swarm Based Computer Music},
	author={Bisig, Daniel and Neukom, Martin and Flury, John},
	booktitle={ICMC},
	year={2008}
}

@article{bisig2008swarm,
	title={Swarm based computer music-towards a repertory of strategies},
	author={Bisig, Daniel and Neukom, Martin},
	journal={computer music},
	volume={12},
	pages={13},
	year={2008},
	publisher={Citeseer}
}

@inproceedings{blackwell2004multi,
	title={Multi-swarm optimization in dynamic environments},
	author={Blackwell, Tim and Branke, J{\"u}rgen},
	booktitle={Workshops on Applications of Evolutionary Computation},
	pages={489--500},
	year={2004},
	organization={Springer}
}

@inproceedings{plutt2021lazyvoice,
	title={LazyVoice : Efficient voice-leading calculation},
	author={Plutt, Cale and Pasquier, Philippe},
	booktitle={ICMC},
	year={2021}
}

@book{bonabeau1999swarm,
	title={Swarm intelligence: from natural to artificial systems},
	author={Bonabeau, Eric and Marco, Directeur de Recherches Du Fnrs and Dorigo, Marco and Th{\'e}raulaz, Guy and Theraulaz, Guy and others},
	number={1},
	year={1999},
	publisher={Oxford university press}
}

@book{wooldridge2009introduction,
	title={An introduction to multiagent systems},
	author={Wooldridge, Michael},
	year={2009},
	publisher={John wiley \& sons}
}

@online{rokeby2001nchant,
	author = {David Rokeby},
	title = {n-cha(n)t},
	year = {2001},
	url = {http://www.davidrokeby.com/nchant.html},
}